<?xml version="1.0" encoding="UTF-8"?><collection><record><leader>06818ntm a2200601 a 4500</leader><controlfield tag="001">006804812</controlfield><controlfield tag="003">MiAaHDL</controlfield><controlfield tag="005">20190719000000.0</controlfield><controlfield tag="006">m        d        </controlfield><controlfield tag="007">cr bn ---auaua</controlfield><controlfield tag="008">090529s1582    xx            00| ||ara d</controlfield><datafield tag="035" ind1=" " ind2=" "><subfield code="a">(MiU)006804812</subfield></datafield><datafield tag="035" ind1=" " ind2=" "><subfield code="a">sdr-miu006804812</subfield></datafield><datafield tag="040" ind1=" " ind2=" "><subfield code="a">MiU</subfield><subfield code="c">MiU</subfield><subfield code="e">amremm</subfield></datafield><datafield tag="043" ind1=" " ind2=" "><subfield code="a">n-us-mi</subfield></datafield><datafield tag="100" ind1="1" ind2=" "><subfield code="6">880-01</subfield><subfield code="a">Nasafī, ʻAbd Allāh ibn Aḥmad,</subfield><subfield code="d">-1310.</subfield></datafield><datafield tag="240" ind1="1" ind2="0"><subfield code="6">880-02</subfield><subfield code="a">Wāfī fī al-furūʻ</subfield></datafield><datafield tag="245" ind1="1" ind2="3"><subfield code="6">880-03</subfield><subfield code="a">al-Wāfī,</subfield><subfield code="f">[989, i.e. 1582].</subfield></datafield><datafield tag="246" ind1="3" ind2=" "><subfield code="i">Edge title (tail):</subfield><subfield code="a">كتاب الوافي في الفقه الشريف</subfield></datafield><datafield tag="260" ind1=" " ind2=" "><subfield code="c">[1582].</subfield></datafield><datafield tag="300" ind1=" " ind2=" "><subfield code="a">132 leaves :</subfield><subfield code="b">paper ;</subfield><subfield code="c">306 x 225 (200 x 125) mm.</subfield></datafield><datafield tag="500" ind1=" " ind2=" "><subfield code="a">Shelfmark: Ann Arbor, University of Michigan, Special Collections Library, Isl. Ms. 546</subfield></datafield><datafield tag="500" ind1=" " ind2=" "><subfield code="a">Origin: As appears in colophon on p.261, copied by Aḥmad ibn Faraj Allāh ibn Aḥmad with transcription completed "laylat ʻArafah" 9 Dhū al-Ḥijjah 989 [ca. 4 January 1582]. As appears in 'authorial colophon' on p.260, composition completed 10 Rajab 682 [ca. 4 October 1283]. Beginning after the close on p.260, copyist provides a brief transmission history for the copy from which he transcribed the current copy. Following the colophon on p.261 appears an excerpt from the author's commentary on this work Kitāb al-Kāfī fī sharḥ al-Wāfī (كتاب الكافي في شرح الوافي).</subfield></datafield><datafield tag="500" ind1=" " ind2=" "><subfield code="a">Accompanying materials: a. Acquisitions slip from Yahuda -- b. Inventory cataloguing slip in hand of Winifred Smeaton Thomas.</subfield></datafield><datafield tag="500" ind1=" " ind2=" "><subfield code="a">Former shelfmark: From inscription on 'title page' (p.1) "IL 409" (likely supplied by Yahuda, see acquisitions slip).</subfield></datafield><datafield tag="500" ind1=" " ind2=" "><subfield code="a">Binding: Pasteboards covered in dark brown leather ; Type II binding (with flap) ; doublures in red leather with central blind-stamped mandorla (filled with vegetal composition reminiscent of Déroche class. NSd 5) ; sewn in cream thread, two stations ; overall in fair condition with abrasion and staining, some lifting and losses of leather, delamination of upper board, etc. ; likely recycled covers (now inverted).</subfield></datafield><datafield tag="500" ind1=" " ind2=" "><subfield code="a">Support: European laid paper with 9 laid lines per cm. (horizontal), chain lines spaced 28 mm. apart (vertical), anchor in circle with star above watermark (see p.4, p.30, etc.), sturdy and well-burnished ; some leaves light peach or beige colored ; watermark of egg-like figure with six circles within, crown above and PIRENZE below in back flyleaf (compare nos. 378, 381, 387, and 394 dated 1724-1726 in Nikolaev, Watermarks of the Ottoman Empire, vol.1)</subfield></datafield><datafield tag="500" ind1=" " ind2=" "><subfield code="a">Decoration: Section headings and abbreviation symbols rubricated ; occasionally indication of text to be rubricated in margins visible.</subfield></datafield><datafield tag="500" ind1=" " ind2=" "><subfield code="a">Script: Naskh ; elegant Turkish hand (with Persianate features) ; virtually serifless with slight effect of tilt to the left, mainly curvilinear descenders (some sweeping), pointing in distinct dots, kāf mashqūqah preferred, initially somewhat compact but larger toward close.</subfield></datafield><datafield tag="500" ind1=" " ind2=" "><subfield code="a">Layout: Written in 17-19 lines per page ; frame-ruled.</subfield></datafield><datafield tag="500" ind1=" " ind2=" "><subfield code="a">Collation: [i,] 7 V(70), IV (78), VI (90), V (100), 2 VI(124), III+2 (132), i ; chiefly quinions ; front flyleaf now affixed to opening leaf ; catchwords present ; foliation in black ink, Hindu-Arabic numerals ; pagination in pencil, Western numerals, supplied during digitization (mistakenly skips two pages between pp.47-48).</subfield></datafield><datafield tag="500" ind1=" " ind2=" "><subfield code="a">Colophon: "Scribal," reads "كتبته وانا معتصم بالله ورسوله ... وانا الفقير احمد بن فرج الله بن احمد وقد حصل الفراغ من هذا الكتاب بعد هوي من الليل وهي ليلة عرفة سنة تسع وثمانين وتسعمائة والحمد لله رب العالمين والصلوة والسلام على خير خلقه محمد وآله وصحبه اجمعين ..."</subfield></datafield><datafield tag="500" ind1=" " ind2=" "><subfield code="a">Explicit: "وقسم ما بقي على سهام ما بقي قد نجز الموعود بتوفيقه فاحسن بترتيبه وتلفيقه ... والحمد لله الذي بنعمته تتم الصالحات والصلوة على نبيه محمد واله وازواجه الطاهرات"</subfield></datafield><datafield tag="500" ind1=" " ind2=" "><subfield code="a">Incipit: "الحمد لمن من على عباده وعباده بارسال رسوله وهداية سبله ... قال مولانا الصدر الامام ... حافظ الملة والدين ابو البراكات عبد الله بن احمد بن محمود النسفي ... قد كان يخطر ببالي ابان فراغي ان ألف كتابا جامعا لمسائل الجامعين والزيادات حاويا لما في المختصر ونظم الخلافيات مشتملا على بعض مسائل الفتوى والواقعات ... وسميته الوافي ولو وفقت لشرحه لارسمه بالكافي ..."</subfield></datafield><datafield tag="500" ind1=" " ind2=" "><subfield code="a">Title from opening on p.2.</subfield></datafield><datafield tag="500" ind1=" " ind2=" "><subfield code="a">Ms. codex.</subfield></datafield><datafield tag="510" ind1="4" ind2=" "><subfield code="a">Nikolaev, Vsevolod. Watermarks of the mediaeval Ottoman documents in Bulgarian libraries. In Watermarks of the Ottoman Empire, volume 1. Sofia: Bulgarian Academy of Sciences, 1954.</subfield></datafield><datafield tag="510" ind1="4" ind2=" "><subfield code="a">Ḥājjī Khalīfah. Kashf al-ẓunūn,</subfield><subfield code="c">vi 418, no.14159</subfield></datafield><datafield tag="510" ind1="4" ind2=" "><subfield code="a">Brockelmann, C. GAL,</subfield><subfield code="c">II 196</subfield></datafield><datafield tag="520" ind1="8" ind2=" "><subfield code="a">Fine copy of the Ḥanafī legal work modeled after al-Marghīnānī’s (d.1196 or 7) celebrated Hidāyah.</subfield></datafield><datafield tag="538" ind1=" " ind2=" "><subfield code="a">Mode of access: Internet.</subfield></datafield><datafield tag="541" ind1=" " ind2=" "><subfield code="a">Acquired in 1926 from the bookseller Isaac Benjamin S.E. Yahuda via purchase transacted on his behalf by Abraham Shalom Yahuda (1877-1951), his younger brother.</subfield></datafield><datafield tag="546" ind1=" " ind2=" "><subfield code="a">Arabic.</subfield></datafield><datafield tag="561" ind1=" " ind2=" "><subfield code="a">A few former owners' marks on flyleaf now affixed to 'title page' (p.1) ; effaced ownership statement [?] on p.260 ; ownership (purchase) statement on p.261 in name of ʻAbd Allāh ibn Muḥammad Walī al-Ḥanafī al-Mawlawī (Abdullah b. Mehmet Veli) reads "انتقل الى بالشراء الشرعي خادم اهل مذهبه وانا الفقير الى الله الغنى عبد الله بن محمد ولى الحنفى المولوى" ; marginal and interlinear glosses (some rubricated) ; occasional corrections.</subfield></datafield><datafield tag="650" ind1=" " ind2="0"><subfield code="a">Manuscripts, Arabic</subfield><subfield code="z">Michigan</subfield><subfield code="z">Ann Arbor.</subfield></datafield><datafield tag="650" ind1=" " ind2="0"><subfield code="a">Hanafites</subfield><subfield code="v">Early works to 1800.</subfield></datafield><datafield tag="650" ind1=" " ind2="0"><subfield code="a">Islamic law</subfield><subfield code="x">Interpretation and construction</subfield><subfield code="v">Early works to 1800.</subfield></datafield><datafield tag="700" ind1="0" ind2=" "><subfield code="6">880-04</subfield><subfield code="a">Aḥmad ibn Faraj Allāh ibn Aḥmad,</subfield><subfield code="d">fl. 1582,</subfield><subfield code="e">scribe.</subfield></datafield><datafield tag="773" ind1="0" ind2=" "><subfield code="a">Yahuda Collection.</subfield></datafield><datafield tag="880" ind1="0" ind2=" "><subfield code="6">700-04/</subfield><subfield code="a">احمد بن فرج الله بن احمد،</subfield><subfield code="e">ناسخ.</subfield></datafield><datafield tag="880" ind1="1" ind2="2"><subfield code="6">245-03/</subfield><subfield code="a">الوافي,</subfield><subfield code="f">[989ه، 1582م].</subfield></datafield><datafield tag="880" ind1="1" ind2="0"><subfield code="6">240-02/</subfield><subfield code="a">وافي في الفروع</subfield></datafield><datafield tag="880" ind1="1" ind2=" "><subfield code="6">100-01/</subfield><subfield code="a">نسفي، عبد الله بن احمد.</subfield></datafield><datafield tag="CID" ind1=" " ind2=" "><subfield code="a">006804812</subfield></datafield><datafield tag="DAT" ind1="0" ind2=" "><subfield code="a">20190719102636.0</subfield><subfield code="b">20190719000000.0</subfield></datafield><datafield tag="DAT" ind1="1" ind2=" "><subfield code="a">20190719090653.0</subfield><subfield code="b">2019-07-19T16:11:35Z</subfield></datafield><datafield tag="DAT" ind1="2" ind2=" "><subfield code="a">2015-10-02T18:00:03Z</subfield></datafield><datafield tag="CAT" ind1=" " ind2=" "><subfield code="a">SDR-MIU</subfield><subfield code="d">EX LIBRIS - ALEPH</subfield><subfield code="l">prepare.pl-004-008</subfield></datafield><datafield tag="FMT" ind1=" " ind2=" "><subfield code="a">BK</subfield></datafield><datafield tag="HOL" ind1=" " ind2=" "><subfield code="0">sdr-miu006804812</subfield><subfield code="a">MiU</subfield><subfield code="b">SDR</subfield><subfield code="c">MIU</subfield><subfield code="p">mdp.39015079126911</subfield><subfield code="s">MIU</subfield><subfield code="1">006804812</subfield></datafield><datafield tag="974" ind1=" " ind2=" "><subfield code="b">MIU</subfield><subfield code="c">MIU</subfield><subfield code="d">20190719</subfield><subfield code="s">lit-dlps-dc</subfield><subfield code="u">mdp.39015079126911</subfield><subfield code="y">1582</subfield><subfield code="r">pd</subfield><subfield code="q">bib</subfield><subfield code="t">non-US bib date1 &lt; 1896</subfield></datafield></record></collection>